%% This BibTeX bibliography file was created using BibDesk.
%% http://bibdesk.sourceforge.net/


%% Created for YYY at 2010-02-04 16:26:16 -0500 


%% Saved with string encoding Unicode (UTF-8) 


@article{petrijet_ding2015jala,
  title={JALA Special Issue New Developments in Biosensing Technologies - PetriJet},
  author={Ding, Xianting},
  journal={Journal of laboratory automation},
  volume={20},
  number={4},
  pages={311--315},
  year={2015},
  publisher={SAGE Publications}
}
	
	
	
@misc{accelStepperLibrary_webpage,
	Date-Added = {2016-02-01 10:00:00 +0100},
	Date-Modified = {2016-05-17 13:59:59 +0100},
	Note = {\small{\url{http://www.airspayce.com/mikem/arduino/AccelStepper/}}},
	Title = {{AccelStepper library}},
	Url = {http://www.airspayce.com/mikem/arduino/AccelStepper/},
	Bdsk-Url-1 = {http://www.airspayce.com/mikem/arduino/AccelStepper/}}

@misc{github_dispenserProject,
	Date-Added = {2016-02-01 10:00:00 +0100},
	Date-Modified = {2016-05-17 13:59:59 +0100},
	Note = {\small{\url{https://github.com/Yndal/Dispenser-project}}},
	Title = {{Project source code at GitHub}},
	Url = {https://github.com/Yndal/Dispenser-project},
	Bdsk-Url-1 = {https://github.com/Yndal/Dispenser-project}}

@misc{solidworks_webpage,
	Date-Added = {2016-05-14 10:00:00 +0100},
	Note = {\small{\url{http://www.solidworks.com/}}},
	Title = {{SolidWorks}},
	Url = {http://www.solidworks.com/},
	Bdsk-Url-1 = {http://www.solidworks.com/}}

@misc{retisoftFlex_webpage,
	Date-Added = {2016-05-14 10:00:00 +0100},
	Note = {\small{\url{http://www.retisoft.ca/hardware/flex.php}}},
	Title = {{Retisoft Inc. - Flex}},
	Url = {http://www.retisoft.ca/hardware/flex.php},
	Bdsk-Url-1 = {http://www.retisoft.ca/hardware/flex.php}}

@misc{retisoftDnaSnp_webpage,
	Date-Added = {2016-05-14 10:00:00 +0100},
	Note = {\small{\url{http://www.retisoft.ca/solutions/dna-snp.php}}},
	Title = {{Retisoft Inc. - Flex}},
	Url = {http://www.retisoft.ca/solutions/dna-snp.php},
	Bdsk-Url-1 = {http://www.retisoft.ca/solutions/dna-snp.php}}

@misc{agilentTechnologies-directDriveRobot_webpage,
	Date-Added = {2016-05-14 10:00:00 +0100},
	Note = {\small{\url{http://www.agilent.com/en-us/products/automation-solutions/microplate-management-robotics/direct-drive-robot}}},
	Title = {{Agilent Technolgies - Direct Drive Robot}},
	Url = {http://www.agilent.com/en-us/products/automation-solutions/microplate-management-robotics/direct-drive-robot},
	Bdsk-Url-1 = {http://www.agilent.com/en-us/products/automation-solutions/microplate-management-robotics/direct-drive-robot}}

@misc{agilentTechnologies-benchBotRobot_webpage,
	Date-Added = {2016-05-14 10:00:00 +0100},
	Note = {\small{\url{http://www.agilent.com/en-us/products/automation-solutions/microplate-management-robotics/benchbot-robot}}},
	Title = {{Agilent Technolgies - BenchBot Robot}},
	Url = {http://www.agilent.com/en-us/products/automation-solutions/microplate-management-robotics/benchbot-robot},
	Bdsk-Url-1 = {http://www.agilent.com/en-us/products/automation-solutions/microplate-management-robotics/benchbot-robot}}

@misc{neotecBio-automation_webpage,
	Date-Added = {2016-05-14 10:00:00 +0100},
	Note = {\small{\url{http://neotec.co.il/automation/}}},
	Title = {{Neotec Bio - Automation}},
	Url = {http://neotec.co.il/automation/},
	Bdsk-Url-1 = {http://neotec.co.il/automation/}}

@misc{neotecBio-robotics_webpage,
	Date-Added = {2016-05-14 10:00:00 +0100},
	Note = {\small{\url{http://neotec.co.il/robotics/}}},
	Title = {{Neotec Bio - Robotics}},
	Url = {http://neotec.co.il/robotics/},
	Bdsk-Url-1 = {http://neotec.co.il/robotics/}}










@misc{scirobotics_webpage,
	Date-Added = {2016-05-14 10:00:00 +0100},
	Note = {\small{\url{http://www.scirobotics.com/solutions/petrilab}}},
	Title = {{SciRobotics Ltd.}},
	Url = {http://www.scirobotics.com/solutions/petrilab},
	Bdsk-Url-1 = {http://www.scirobotics.com/solutions/petrilab}}
	
@misc{tecan_webpage,
	Date-Added = {2016-05-14 10:00:00 +0100},
	Note = {\small{\url{http://lifesciences.tecan.com/products/liquid_handling_and_robotics}}},
	Title = {{Tecan}},
	Url = {http://lifesciences.tecan.com/products/liquid_handling_and_robotics},
	Bdsk-Url-1 = {http://lifesciences.tecan.com/products/liquid_handling_and_robotics}}
	
@misc{festo_webpage,
	Date-Added = {2016-05-14 10:00:00 +0100},
	Note = {\small{\url{https://www.festo.com/cat/da_dk/products}}},
	Title = {{Festo}},
	Url = {https://www.festo.com/cat/da_dk/products},
	Bdsk-Url-1 = {https://www.festo.com/cat/da_dk/products}}
	
@misc{hudsonRobotics_webpage,
	Date-Added = {2016-05-14 10:00:00 +0100},
	Note = {\small{\url{http://hudsonrobotics.com/products/microplate-handling}}},
	Title = {{Hudson Robotics, Inc.}},
	Url = {http://hudsonrobotics.com/products/microplate-handling},
	Bdsk-Url-1 = {http://hudsonrobotics.com/products/microplate-handling}}
	
@misc{jelCorporation_webpage,
	Date-Added = {2016-05-14 10:00:00 +0100},
	Note = {\small{\url{http://www.jel-robot.com/products/PETRI.html}}},
	Title = {{JEL Corporation}},
	Url = {http://www.jel-robot.com/products/PETRI.html},
	Bdsk-Url-1 = {http://www.jel-robot.com/products/PETRI.html}}

@misc{solidworks_webpage,
	Date-Added = {2016-05-14 10:00:00 +0100},
	Note = {\small{\url{http://www.solidworks.com/}}},
	Title = {{SolidWorks}},
	Url = {http://www.solidworks.com/},
	Bdsk-Url-1 = {http://www.solidworks.com/}}

@misc{beckmanCoulter_webpage,
	Date-Added = {2016-05-14 10:00:00 +0100},
	Note = {\small{\url{http://www.beckman.com/liquid-handling-and-robotics}}},
	Title = {{Beckman Coulter}},
	Url = {http://www.beckman.com/liquid-handling-and-robotics},
	Bdsk-Url-1 = {http://www.beckman.com/liquid-handling-and-robotics}}

@misc{labcyte_webpage,
	Date-Added = {2016-05-14 10:00:00 +0100},
	Note = {\small{\url{http://www.labcyte.com/products/automation/labcyte-automation}}},
	Title = {{Labcyte}},
	Url = {http://www.labcyte.com/products/automation/labcyte-automation},
	Bdsk-Url-1 = {http://www.labcyte.com/products/automation/labcyte-automation}}

@misc{ttpLabtech_webpage,
	Date-Added = {2016-05-14 10:00:00 +0100},
	Note = {\small{\url{http://ttplabtech.com/liquid-handling/}}},
	Title = {{TTP Labtech}},
	Url = {http://ttplabtech.com/liquid-handling/},
	Bdsk-Url-1 = {http://ttplabtech.com/liquid-handling/}}

